1986 3720
132 138 213 235 96·
283 124 713 221 Sor1n1·111.'1.12.
737 128 798 204 II.

134 250 424 363 {ereptosopienrm
445 262 535 311 tenet.
571 242 663 311 Nune
675 248 773 335 uo'oipe
787 266 874 335 quare

132 362 288 455 Despiunr
304 382 416 443 omnes,
437 364 517 447 cique
531 380 567 423 oo
584 372 640 441 tu,
660 359 713 445 qui
728 359 785 422 tibi
799 384 895 426 nomen

5 480 12 487 ’
133 478 236 562 Insono
246 474 373 559 posuere.
414 468 506 539 Velut
526 468 638 554 sylvis,
658 470 708 533 ubi
717 469 824 555 paffim

130 588 272 655 Pinnos
285 604 367 647 error
380 598 457 646 certo
472 580 508 644 de
520 580 650 645 trumite¹
651 579 755 668 pellit:

17 670 21 679 ¹
58 674 63 681 ¹
129 688 184 757 Ille
188 690 403 777 finislrorsum,
425 691 472 757 hio
489 692 674 775 dextrorsum
687 693 768 758 obit:
788 706 900 775 unus']

213 798 330 871 ueroque

130 892 243 979 Error,
258 894 317 977 sed
329 894 421 959 variis
435 892 536 961 illudit
542 895 700 983 partibus:
719 894 770 959 boc
784 911 815 958 te

65 1082 71 1093 ,
130 1004 229 1074 Crede
242 1008 324 1071 modo
337 1006 490 1089 insonum:
511 1006 600 1072 nihilo
616 1023 650 1072 ut
655 1007 817 1094 sapientior
831 1004 891 1088 ille,

129 1117 192 1209 Qui
202 1134 233 1181 te
247 1116 377 1198 deridet,
398 1116 522 1182 caudam
539 1120 650 1188 tradat.
673 1116 730 1201 Est
736 1140 832 1205 genus
847 1137 900 1182 unu

130 1216 285 1311 Stultitia,
305 1225 430 1305 nihilum
451 1229 607 1293 metuenda
619 1228 770 1309 timentis,
793 1243 829 1290 ut
841 1229 900 1312 ig'ne

129 1328 174 1397 Ut
192 1332 294 1421 rupis,
309 1333 475 1421 fluviisque
496 1334 529 1400 in
545 1352 643 1423 campo
659 1335 769 1418 obstare
783 1353 854 1419 que·
892 1343 900 1404 1

213 1441 311 1490 ratur.
414 1458 417 1463 >

127 1528 285 1640 Alterum,
307 1534 348 1611 δέ
363 1532 431 1602 hinc
445 1534 585 1619 nurinm,
606 1532 646 1609 {5³
661 1530 751 1599 nihilo
759 1528 900 1617 sapientire

78 1696 84 1705 ,
211 1648 315 1712 ignes.

7 1734 13 1743 '
125 1728 193 1803 Per
205 1729 311 1791 medior
315 1734 480 1811 fluviosque
496 1735 626 1791 ruentis:
642 1735 749 1790 elamet
762 1732 858 1793 amico

127 1830 254 1911 Mater,
284 1829 399 1916 honesta
416 1832 525 1915 soror,
554 1856 620 1896 cum
650 1836 778 1922 coguatio
794 1885 820 1942 ,i
827 1847 900 1918 pater

137 1946 141 1953 ·
208 1944 304 1989 uuor:
495 1934 500 1945 ‘

127 2032 190 2100 Hic
197 2030 272 2117 soffo
286 2034 326 2117 esi
339 2032 456 2121 ingens,
478 2032 526 2098 hio
539 2049 622 2120 rupes
636 2035 790 2100 maximo:
804 2036 900 2116 servu.

91 2151 98 2181 ¹
126 2141 200 2208 Non
221 2142 315 2292 nlnagis
338 2142 484 2226 audierit,
505 2163 593 2230 quam
614 2140 714 2222 Fufius
736 2143 834 2208 ebrius
892 2148 900 2204 l

210 2253 225 2291 o
238 2253 296 2312 om,

126 2335 227 2424 Quum
241 2337 364 2403 Ilionam
380 2339 521 2421 edormit‚
542 2338 677 2405 Catienis
691 2339 771 2403 mille
787 2335 900 2402 ducenti

124 2440 249 2532 Maleo,
273 2468 304 2516 te
324 2460 465 2535 appello,
487 2455 690 2526 clamantibus.
709 2457 779 2522 hnic
805 2482 854 2546 ego
869 2481 900 2521 vu

136 2600 140 2609 ,
201 2560 277 2623 gum
703 2554 707 2561 '

10 2666 13 2671 '
125 2648 231 2714 Errori
237 2648 367 2728 similem
381 2652 519 2718 cunilam
534 2658 660 2738 insanire
673 2660 784 2725 docebo.

22 2798 27 2807 ’
97 2814 103 2823 ι
124 2772 237 2855 Insanit
248 2769 482 2857 veteres'slotuos
496 2772 691 2864 Damufippns
705 2779 835 2845 emendo.

122 2890 241 2977 Iuteger
256 2889 295 2974 est
308 2891 412 2953 mentis
426 2887 595 2976 Domufippi
607 2892 752 2956 creditor?
776 2897 842 2978 esto.
890 2898 900 2956 l

125 3008 230 3096 Accipe
252 3016 330 3098 qnod
346 3034 496 3103 nunquam
516 3016 618 3083 reddor
639 3018 736 3101 milri,
756 3018 789 3099 st
810 3022 865 3086 tibi
883 3018 900 3083 d

137 3108 142 3115 '
208 3121 291 3181 eum,-

847 3207 900 3292 Tun
